% Encoding: UTF-8

@inproceedings{matlab-code-gen-safety,
author = {Schwarz, M.H. and Sheng, Hongting and Sheleh, A. and Boercsoek, J.},
year = {2008},
month = {05},
pages = {1058 - 1063},
title = {Matlab® / Simulink® generated source code for safety related systems},
doi = {10.1109/AICCSA.2008.4493678}
}

@TechReport{HareHemion:1968,
  author      = {C. T. Hare and R. H. Hemion},
  title       = {Headlamp Beam Usage on U.S. Highways},
  year        = {1968},
  type        = {Report},
  institution = {Southwest Research Institute},
  number      = {AR-666},
  address     = {San Antonio, Texas}
}

@Article{Sullivan:2004,
  author       = {J. M. Sullivan and M. L. Adachi and M. L. Mefford and M. J. Flannagan},
  title        = {High-beam headlamp usage on unlighted rural roadways},
  journal      = {Lighting Research and Technology},
  year         = {2004},
  volume       = {36},
  number       = {1},
  pages        = {59--67}
}

@TechReport{Mefford:2006,
  author      = {M. L. Mefford and M. J. Flannagan and S. E. Bogard},
  title       = {Real-world use of high-beam headlamps},
  year        = {2006},
  type        = {Report},
  institution = {The University of Michigan, Transportation Research Institute},
  number      = {UMTRI-2006-11},
  address     = {Ann Arbor, MI}
}

@TechReport{Flannagan:2012,
  author      = {M. J. Flannagan and M. L. Buonarosa},
  title       = {Rates of use of vehicle lighting equipment: Variations among drivers},
  year        = {2012},
  type        = {Report},
  institution = {The University of Michigan, Transportation Research Institute},
  number      = {UMTRI-2012-32},
  address     = {Ann Arbor, MI}
}

@TechReport{Flannagan:2011,
  author      = {M. J. Flannagan and J. M. Sullivan},
  title       = {Preliminary assessment of the potential benefits of adaptive driving beams},
  year        = {2011},
  type        = {Report},
  institution = {The University of Michigan, Transportation Research Institute},
  number      = {UMTRI-2011-37},
  address     = {Ann Arbor, MI}
}



@TechReport{ADB_Glare_Assesment_USA,
  author      = {E. N. Mazzae and G. H. S. Baldwin and A. Andrella and L. A. Smith},
  title       = {Adaptive Driving Beam Headlighting System Glare Assessment},
  year        = {2015},
  month       = {July},
  type        = {Report},
  institution = {National Highway Traffic Safety Administration},
  number      = {DOT HS xxx xxx},
  address     = {Washington, DC}
}


@Article{night_vehicle_detec,
  author       = {Shahnaj Parvin and Md. Ezharul Islam and Liton Jude Rozario},
  title        = {Nighttime Vehicle Detection Methods Based on Headlight Feature: A Review},
  journal      = {IAENG International Journal of Computer Science},
  year         = {2022},
  volume       = {49},
  number       = {1},
}


@Article{Yolov5_Improvement,
AUTHOR = {Wang, Yuhai and Xu, Shuobo and Wang, Peng and Li, Kefeng and Song, Ze and Zheng, Quanfeng and Li, Yanshun and He, Qiang},
TITLE = {Lightweight Vehicle Detection Based on Improved YOLOv5s},
JOURNAL = {Sensors},
VOLUME = {24},
YEAR = {2024},
NUMBER = {4},
ARTICLE-NUMBER = {1182},
URL = {https://www.mdpi.com/1424-8220/24/4/1182},
PubMedID = {38400339},
ISSN = {1424-8220},
DOI = {10.3390/s24041182}
}

@book{ISO_26262,
  title        = {ISO 26262 - Road vehicles - Functional safety},
  author       = {{International Organization for Standardization}},
  year         = 2018,
  note         = {Part 1-10},
  url          = {https://www.iso.org/obp/ui/en/#iso:std:iso:26262:-1:ed-2:v1:en}
}

@manual{MISRA_C_,
  title        = {MISRA C:2012 - Guidelines for the use of the C language in critical systems},
  author       = {MISRA},
  year         = 2019,
  edition      = {3rd Edition},
  url          = {https://582328.fs1.hubspotusercontent-na1.net/hubfs/582328/GrammaTech-Files/MISRA_C-2012_7.3.pdf}
}


@Book{WHO:2021,
  author    = {{World Health Organization}},
  title     = {Global Status Report on Road Safety 2021},
  year      = {2021},
  publisher = {WHO},
  location  = {Geneva},
}

@Book{AIIHS:2019,
  author    = {{Insurance Institute for Highway Safety}},
  title     = {Adaptive Driving Beam Headlights and Road Safety},
  year      = {2019},
  publisher = {IIHS},
  location  = {Arlington, VA},
}


@Article{Intro_ADB_Def,
AUTHOR = {Chen, Yihong and Ahmadi, Arash and Ahamed, Mohammed Jalal},
TITLE = {Optimizing Non-Glare Zone Width of Adaptive Driving Beam (ADB) Using Fuzzy Logic Control},
JOURNAL = {Applied Sciences},
VOLUME = {11},
YEAR = {2021},
NUMBER = {19},
ARTICLE-NUMBER = {8840},
URL = {https://www.mdpi.com/2076-3417/11/19/8840},
ISSN = {2076-3417},
DOI = {10.3390/app11198840}
}



@InProceedings{Digital_light_2,
  author       = {Hamm, M. and Audi, A. G.},
  title        = {Real Driving Benefits and Research Findings with Digital Light Functions},
  booktitle    = {13th International Symposium on Automotive Lighting-ISAL},
  year         = {2019},
}

@Article{ARAS-traffic-accidents,
AUTHOR = {Jalti, Fakhreddine and Hajji, Bekkay and Acri, Alberto and Calì, Michele},
TITLE = {An Advanced Rider-Cornering-Assistance System for PTW Vehicles Developed Using ML KNN Method},
JOURNAL = {Sensors},
VOLUME = {23},
YEAR = {2023},
NUMBER = {3},
ARTICLE-NUMBER = {1540},
URL = {https://www.mdpi.com/1424-8220/23/3/1540},
PubMedID = {36772580},
ISSN = {1424-8220},
DOI = {10.3390/s23031540}
}


@Article{Digital_light_3,
AUTHOR = {Pham, Tuan-Anh and Yoo, Myungsik},
TITLE = {Nighttime Vehicle Detection and Tracking with Occlusion Handling by Pairing Headlights and Taillights},
JOURNAL = {Applied Sciences},
VOLUME = {10},
YEAR = {2020},
NUMBER = {11},
ARTICLE-NUMBER = {3986},
URL = {https://www.mdpi.com/2076-3417/10/11/3986},
ISSN = {2076-3417},
DOI = {10.3390/app10113986}
}

@Article{Pixel_Licht_4,
AUTHOR = {Wang, Liping and Ma, Jianshe and Su, Ping and Huang, Jianwei},
TITLE = {High-Resolution Pixel LED Headlamps: Functional Requirement Analysis and Research Progress},
JOURNAL = {Applied Sciences},
VOLUME = {11},
YEAR = {2021},
NUMBER = {8},
ARTICLE-NUMBER = {3368},
URL = {https://www.mdpi.com/2076-3417/11/8/3368},
ISSN = {2076-3417},
}


@misc{5_System_Structure,
  author       = "Chen, J",
  title        = "HD matrix headlamp: Car lighting technology at the
highest level",
  year         = "2023",
}

@misc{6_LCU,
  author       = "Ameen, H",
  title        = "HD matrix headlamp: Car lighting technology at the
highest level",
  year         = "2023",
}

@misc{7_Internal_Doc_HELLA,
  author       = "HELLA GmbH Co. KGaA",
  title        = "Hardware Specification for HD Matrix LED
Pixel Headlight System. Internal Document. KTM AG",
  year         = "2023",
}

@misc{8_SSL_HD,
  author       = "Karlicek, Jr",
  title        = " Journal of Solid State Lighting. Journal of Solid State Lighting. 1. 1. 10.1186/2196-1107-1-1",
  year         = "2014",
}

@misc{9_MBD,
  author       = "Santos, M and Neme, J",
  title        = "Model-based design
of exterior lighting control function for automobile: MIL, SIL and RCP. 11. 1495-1507",
  year         = "2015",
}


@online{10_Network,
  author = {Peterson, L and Davie B},
  title = {Computer Networks: A Systems Approach},
  year = 2024,
  url = {https://book.systemsapproach.org/},
}

@online{11_Network,
  author = {Bonaventure, O},
  title = {Computer Networking: Principles, Protocols and Practice},
  year = 2024,
  url = {https://www.computernetworkingnotes.com/},
}

@online{12_Network,
  author = {MathWorks},
  title = { Software Development. MATLAB Documentation [PDF
document]},
  year = 2024,
  url = {https://www.mathworks.com},
}

@Book{13_MATLAB,
  author    = {D. C. Hanselman and B. L. Littlefield},
  title     = {Mastering MATLAB 7},
  publisher = {Pearson},
  year      = {2012},
  isbn      = {0-273-75213-8},
  url       = {https://www.pearson.com},
}


@Book{14_MATLAB,
  author    = {R. C. Gonzalez and R. E. Woods},
  title     = {Digital Image Processing Using MATLAB},
  publisher = {Gatesmark Publishing},
  year      = {2020}
}

@Book{15_Raspi,
  author    = {S. Monk},
  title     = {Raspberry Pi Cookbook},
  publisher = {O'Reilly Media, Inc.},
  location  = {Sebastopol, CA},
  year      = {2014},
  isbn      = {9781449365226}
}


@Book{16_MBE_Embedded,
  author    = {Justyna Zander and Ina Schieferdecker and Pieter Mosterman},
  title     = {Model-Based Testing for Embedded Systems},
  year      = {2011},
  publisher = {Publisher Not Specified}
}

@INPROCEEDINGS{17_MiL,
  author={Bruggner, Dennis and Hegde, Anoosh and Acerbo, Flavia Sofia and Gulati, Dhiraj and Son, Tong Duy},
  booktitle={2021 IEEE Intelligent Vehicles Symposium (IV)}, 
  title={Model in the Loop Testing and Validation of Embedded Autonomous Driving Algorithms}, 
  year={2021},
  volume={},
  number={},
  pages={136-141},
  keywords={Software algorithms;Pipelines;Sensor fusion;Software;Hardware;Safety;Planning},
  doi={10.1109/IV48863.2021.9575530}}


@Book{18_Highway_Design,
  author    = {American Association of State Highway and Transportation Officials},
  title     = {A Policy on Geometric Design of Highways and Streets},
  edition   = {6th},
  year      = {2011},
  publisher = {AASHTO}
}





@Comment{jabref-meta: databaseType:biblatex;}
